@misc{tipc,
	author = {{Matthew Dwyer}},
	title = {{TIPC}},
	howpublished = "\url{https://github.com/matthewbdwyer/tipc/}",
	year = {2019}, 
	note = "[Online; accessed 7-December-2019]"
}

@misc{tip,
	author = {{Anders Moller}},
	title = {{TIP}},
	howpublished = "\url{https://github.com/cs-au-dk/TIP}",
	year = {2019}, 
	note = "[Online; accessed 7-December-2019]"
}

@misc{loadinstruction,
	author = {{LLVM Project}},
	title = {{LoadInst Class Reference}},
	howpublished = "\url{http://llvm.org/doxygen/classllvm_1_1LoadInst.html}",
	year = {2019}, 
	note = "[Online; accessed 8-December-2019]"
}


@misc{compareinstruction,
	author = {{LLVM Project}},
	title = {{CmpInst Class Reference}},
	howpublished = "\url{http://llvm.org/doxygen/classllvm_1_1CmpInst.html}",
	year = {2019}, 
	note = "[Online; accessed 8-December-2019]"
}

@misc{branchinstruction,
	author = {{LLVM Project}},
	title = {{BranchInst Class Reference}},
	howpublished = "\url{http://llvm.org/doxygen/classllvm_1_1BranchInst.html}",
	year = {2019}, 
	note = "[Online; accessed 8-December-2019]"
}







@misc{llvm,
	author = {{LLVM Project}},
	title = {{LLVM's Analysis and Transform Passes - LLVM 10 documentation}},
	howpublished = "\url{https://github.com/cs-au-dk/TIP}",
	year = {2019}, 
	note = "[Online; accessed 8-December-2019]"
}

@inproceedings{Wang:2018:TOC:3180155.3180177,
 author = {Wang, Xinyu and Sun, Jun and Chen, Zhenbang and Zhang, Peixin and Wang, Jingyi and Lin, Yun},
 title = {Towards Optimal Concolic Testing},
 booktitle = {Proceedings of the 40th International Conference on Software Engineering},
 series = {ICSE '18},
 year = {2018},
 isbn = {978-1-4503-5638-1},
 location = {Gothenburg, Sweden},
 pages = {291--302},
 numpages = {12},
 url = {http://doi.acm.org/10.1145/3180155.3180177},
 doi = {10.1145/3180155.3180177},
 acmid = {3180177},
 publisher = {ACM},
 address = {New York, NY, USA},
} 

@inproceedings{Noller:2018:BCA:3213846.3213868,
 author = {Noller, Yannic and Kersten, Rody and P\u{a}s\u{a}reanu, Corina S.},
 title = {Badger: Complexity Analysis with Fuzzing and Symbolic Execution},
 booktitle = {Proceedings of the 27th ACM SIGSOFT International Symposium on Software Testing and Analysis},
 series = {ISSTA 2018},
 year = {2018},
 isbn = {978-1-4503-5699-2},
 location = {Amsterdam, Netherlands},
 pages = {322--332},
 numpages = {11},
 url = {http://doi.acm.org/10.1145/3213846.3213868},
 doi = {10.1145/3213846.3213868},
 acmid = {3213868},
 publisher = {ACM},
 address = {New York, NY, USA},
 keywords = {Complexity Analysis, Denial-of-Service, Fuzzing, Symbolic Execution},
} 

@inproceedings{stephens2016driller,
  title={Driller: Augmenting Fuzzing Through Selective Symbolic Execution.},
  author={Stephens, Nick and Grosen, John and Salls, Christopher and Dutcher, Andrew and Wang, Ruoyu and Corbetta, Jacopo and Shoshitaishvili, Yan and Kruegel, Christopher and Vigna, Giovanni},
  booktitle={NDSS},
  volume={16},
  number={2016},
  pages={1--16},
  year={2016}
}
@InProceedings{10.1007/978-3-540-78800-3_24,
author="de Moura, Leonardo
and Bj{\o}rner, Nikolaj",
editor="Ramakrishnan, C. R.
and Rehof, Jakob",
title="Z3: An Efficient SMT Solver",
booktitle="Tools and Algorithms for the Construction and Analysis of Systems",
year="2008",
publisher="Springer Berlin Heidelberg",
address="Berlin, Heidelberg",
pages="337--340",
abstract="Satisfiability Modulo Theories (SMT) problem is a decision problem for logical first order formulas with respect to combinations of background theories such as: arithmetic, bit-vectors, arrays, and uninterpreted functions. Z3 is a new and efficient SMT Solver freely available from Microsoft Research. It is used in various software verification and analysis applications.",
isbn="978-3-540-78800-3"
}

@inproceedings{cadar2008klee,
  title={KLEE: Unassisted and Automatic Generation of High-Coverage Tests for Complex Systems Programs.},
  author={Cadar, Cristian and Dunbar, Daniel and Engler, Dawson R and others},
  booktitle={OSDI},
  volume={8},
  pages={209--224},
  year={2008}
}
